ISA*00*          *00*          *ZZ*SENDERID       *ZZ*RECEIVERID     *260605*1400*^*00501*000000102*0*T*:~
GS*HP*SENDER*RECEIVER*20260605*1400*102*X*005010X221A1~
ST*835*0001*005010X221A1~
BPR*C*1450.00*C*ACH************20260605~
TRN*1*EFT-STROKE-FAC-001*1512345678~
DTM*405*20260605~
N1*PR*ACME HEALTH PLAN*XV*PAYOR123~
N1*PE*REGIONAL HOSPITAL*XX*1234567893~
CLP*CLM-STROKE-RAD-FAC-001*1*2350.00*1450.00*350.00*12*PAYER-STROKE-FAC-001*11*1~
NM1*QC*1*REID*ALEX****MI*PAT-STROKE-001~
SVC*HC:70450*450.00*250.00**1~
DTM*472*20260601~
CAS*CO*45*150.00~
CAS*PR*3*50.00~
SVC*HC:70460*700.00*400.00**1~
DTM*472*20260601~
CAS*CO*45*250.00~
CAS*PR*3*50.00~
SVC*HC:70551*1200.00*800.00**1~
DTM*472*20260602~
CAS*CO*45*150.00~
CAS*PR*3*250.00~
SE*21*0001~
GE*1*102~
IEA*1*000000102~
