ISA*00*          *00*          *ZZ*SENDERID       *ZZ*RECEIVERID     *260705*1200*^*00501*000000108*0*T*:~
GS*HP*SENDER*RECEIVER*20260705*1200*108*X*005010X221A1~
ST*835*0001*005010X221A1~
BPR*C*210.00*C*ACH************20260705~
TRN*1*EFT-STROKE-NEURO-001*1512345678~
DTM*405*20260705~
N1*PR*ACME HEALTH PLAN*XV*PAYOR123~
N1*PE*NEUROLOGY ASSOCIATES*XX*3334455556~
CLP*CLM-STROKE-NEURO-001*1*320.00*210.00*40.00*12*PAYER-STROKE-NEURO-001*11*1~
NM1*QC*1*REID*ALEX****MI*PAT-STROKE-001~
SVC*HC:99214*220.00*150.00**1~
DTM*472*20260701~
CAS*CO*45*50.00~
CAS*PR*3*20.00~
SVC*HC:96116*100.00*60.00**1~
DTM*472*20260701~
CAS*CO*45*20.00~
CAS*PR*3*20.00~
SE*17*0001~
GE*1*108~
IEA*1*000000108~
