ISA*00*          *00*          *ZZ*SENDERID       *ZZ*RECEIVERID     *260605*1430*^*00501*000000104*0*T*:~
GS*HP*SENDER*RECEIVER*20260605*1430*104*X*005010X221A1~
ST*835*0001*005010X221A1~
BPR*C*260.00*C*ACH************20260605~
TRN*1*EFT-STROKE-PRO-001*1512345678~
DTM*405*20260605~
N1*PR*ACME HEALTH PLAN*XV*PAYOR123~
N1*PE*RADIOLOGY GROUP*XX*9876543210~
CLP*CLM-STROKE-RAD-PRO-001*1*390.00*260.00*40.00*12*PAYER-STROKE-PRO-001*11*1~
NM1*QC*1*REID*ALEX****MI*PAT-STROKE-001~
SVC*HC:70450*90.00*60.00**1~
DTM*472*20260601~
CAS*CO*45*20.00~
CAS*PR*3*10.00~
SVC*HC:70460*120.00*80.00**1~
DTM*472*20260601~
CAS*CO*45*30.00~
CAS*PR*3*10.00~
SVC*HC:70551*180.00*120.00**1~
DTM*472*20260602~
CAS*CO*45*40.00~
CAS*PR*3*20.00~
SE*21*0001~
GE*1*104~
IEA*1*000000104~
