ISA*00*          *00*          *ZZ*SENDERID       *ZZ*RECEIVERID     *260628*1130*^*00501*000000106*0*T*:~
GS*HP*SENDER*RECEIVER*20260628*1130*106*X*005010X221A1~
ST*835*0001*005010X221A1~
BPR*C*420.00*C*ACH************20260628~
TRN*1*EFT-STROKE-REHAB-001*1512345678~
DTM*405*20260628~
N1*PR*ACME HEALTH PLAN*XV*PAYOR123~
N1*PE*RECOVERY THERAPY CLINIC*XX*2223344445~
CLP*CLM-STROKE-REHAB-001*1*660.00*420.00*120.00*12*PAYER-STROKE-REHAB-001*11*1~
NM1*QC*1*REID*ALEX****MI*PAT-STROKE-001~
SVC*HC:97161*180.00*120.00**1~
DTM*472*20260610~
CAS*CO*45*40.00~
CAS*PR*3*20.00~
SVC*HC:97110*300.00*180.00**3~
DTM*472*20260617~
CAS*CO*45*60.00~
CAS*PR*3*60.00~
SVC*HC:97535*180.00*120.00**2~
DTM*472*20260624~
CAS*CO*45*20.00~
CAS*PR*3*40.00~
SE*21*0001~
GE*1*106~
IEA*1*000000106~
