ISA*00*          *00*          *ZZ*SENDERID       *ZZ*RECEIVERID     *260602*1415*^*00501*000000007*0*T*:~
GS*HP*SENDER*RECEIVER*20260602*1415*7*X*005010X221A1~
ST*835*0001*005010X221A1~
BPR*C*190.00*C*ACH************20260603~
TRN*1*EFT999000*1512345678~
N1*PR*ACME HEALTH PLAN*XV*PAYOR123~
N1*PE*BILLING CLINIC*XX*1234567893~
CLP*CLM200*1*250.00*190.00*25.00*12*PAYERCLM200*11*1~
NM1*QC*1*DOE*JULIA****MI*PAT11111~
SVC*HC:99214*180.00*135.00**1~
CAS*CO*45*20.00~
CAS*PR*3*25.00~
SVC*HC:93000*70.00*55.00**1~
CAS*CO*45*15.00~
CLP*CLM201*4*95.00*0.00*0.00*12*PAYERCLM201*11*1~
NM1*QC*1*SMITH*ALICE****MI*PAT22222~
SVC*HC:99203*95.00*0.00**1~
CAS*CO*96*95.00~
SE*17*0001~
GE*1*7~
IEA*1*000000007~
