ISA*00*          *00*          *ZZ*SENDERID       *ZZ*RECEIVERID     *260602*1400*^*00501*000000006*0*T*:~
GS*HP*SENDER*RECEIVER*20260602*1400*6*X*005010X221A1~
ST*835*0001*005010X221A1~
BPR*C*92.14*C*CHK************20260602~
TRN*1*EFT123456*1512345678~
DTM*405*20260602~
N1*PR*ACME HEALTH PLAN*XV*PAYOR123~
N1*PE*BILLING CLINIC*XX*1234567893~
CLP*CLM123*1*125.50*92.14*20.00*12*PAYERCLM123*11*1~
NM1*QC*1*DOE*JANE****MI*PAT67890~
CAS*CO*45*13.36~
CAS*PR*3*20.00~
SVC*HC:99213*125.50*92.14**1~
DTM*472*20260601~
CAS*CO*45*13.36~
SE*14*0001~
GE*1*6~
IEA*1*000000006~
